% BibTeX

@book{ CV,
  author    = {Szeliski, Richard and 玉木, 徹},
  title     = {コンピュータビジョン : アルゴリズムと応用},
  publisher = {共立出版},
  year      = {2013},
  URL       = {http://ci.nii.ac.jp/ncid/BB11914814}
}

%!BIB program = biblatex


@article{art01,
	author  = {福岡県},
	title    = {{平成２９年７月九州北部豪雨における災害対応に関する検証結果報告書}},
	year     = {2018},
}

@article{art00,
	author  = {山崎文雄},
	journal  = {土木学会　第10回地震災害マネジメントセミナー},
	title    = {{防災におけるリモートセンシング技術利用の最新動向}},
	year     = {2009},
}

@article{art02,
	author   = {中村孝之},
	journal  = {国土交通省国土地理院},
	title    = {{無人航空機 (UAV) を活用した国土地理院の災害対応}},
	year     = {2017},
}

@article{art03,
	author   = {中山駿, 佐治斉},
	journal  = {静岡大学},
	title    = {{空撮画像を用いた土砂検出}},
	year     = {2019},
}

@article{art04,
	author   = {雨宮輝明, 佐治斉},
	journal  = {静岡大学},
	title    = {{浸水時における道路領域解析}},
	year     = {2017},
}

@article{art05,
	author   = {D. Comaniciu and P. Meer},
	journal  = {IEEE Transactions on Pattern Analysis and Machine Intelligence, Vol. 24, No. 5, pp. 603–619},
	title    = {{Mean shift: a robust approach toward feature space analysis}},
	year     = {2002},
}

@article{art06,
	author   = {松阪喜幸},
	journal  = {CG-ARTS協会},
	title    = {{ディジタル画像処理[改訂新版]}},
	year     = {2016},
}

@article{art07,
	author = {Stephen M. Pizer, E. Philip Amburn, John D. Austin, Robert Cromartie, Ari Geselowitz,Trey Greer, Bart ter Haar Romeny, John B. Zimmerman, and Karel Zuiderveld},
	journal  = {Computer Vision, Graphics, and Image Processing, Vol. 39, No. 3, pp. 355 – 368},
	title  = {{Adaptive histogram equalization and its variations}},
	year     = {1987},
}

@article{art08,
	author = {D.J. DOEGLAS},
	journal  = {Sedimentology, 10 (1968), pp. 8-82},
	title  = {{GRAIN‐SIZE INDICES, CLASSIFICATION AND ENVIRONMENT}},
	year     = {1968},
}

@Misc{web01,
	author = {国土交通省気象庁},
	title  = {{大雨や猛暑日など（極端現象）のこれまでの変化}},
	howpublished = {\url{https://www.data.jma.go.jp/cpdinfo/extreme/extreme_p.html}},
}

@Misc{web02,
	author = {国土交通省国土地理院},
	title  = {{平成29年7月九州北部豪雨に関する情報}},
	howpublished = {\url{https://www.gsi.go.jp/BOUSAI/H29hukuoka_ooita-heavyrain.html}},
}
