%!BIB program = biblatex

@article{art01,
	author   = {江口毅，三浦房紀},
	journal  = {土木学会論文集F6（安全問題）, Vol. 72, No. 1, 11-20},
	title    = {{衛星リモートセンシングを用いた地震および豪雨による斜面崩壊発生箇所の早期発見手法}},
	year     = {2016},
}

@article{art02,
	author   = {中山駿，佐治斉},
	journal  = {静岡大学情報学部情報科学科佐治研究室},
	title    = {{空撮画像を用いた土砂検出}},
	year     = {2019},
}

@article{art03,
	author   = {尾崎敬二},
	journal  = {日本画像学会誌　第57巻　第3号：302-307},
	title    = {{小型無人航空機搭載デジタルカメラによる単一空撮可視光画像から推定する植生指標}},
	year     = {2018},
}

@article{art04,
	author   = {雨宮輝明，佐治斉},
	journal  = {静岡大学大学院総合科学技術研究科情報学専攻佐治研究室},
	title    = {{浸水時における道路領域解析}},
	year     = {2019},
}

@Misc{art05,
	author = {Stephen M. Pizer, E. Philip Amburn, John D. Austin, Robert Cromartie, Ari Geselowitz,Trey Greer, Bart ter Haar Romeny, John B. Zimmerman, and Karel Zuiderveld},
	journal  = {Computer Vision, Graphics, and Image Processing, Vol. 39, No. 3, pp. 355 – 368},
	title  = {{Adaptive histogram equalization and its variations}},
	year     = {1987},
}

@Misc{web02,
	author = {国土交通省国土地理院},
	title  = {{平成29年７月九州北部豪雨に関する情報}},
	howpublished = {\url{https://www.gsi.go.jp/BOUSAI/H29hukuoka_ooita-heavyrain.html}},
}

