% BibTeX

@book{ CV,
  author    = {Szeliski, Richard and 玉木, 徹},
  title     = {コンピュータビジョン : アルゴリズムと応用},
  publisher = {共立出版},
  year      = {2013},
  URL       = {http://ci.nii.ac.jp/ncid/BB11914814}
}

%!BIB program = biblatex

@article{art01,
	author   = {江口毅，三浦房紀},
	journal  = {土木学会論文集F6（安全問題）, Vol. 72, No. 1, 11-20},
	title    = {{衛星リモートセンシングを用いた地震および豪雨による斜面崩壊発生箇所の早期発見手法}},
	year     = {2016},
}

@article{art02,
	author   = {中山駿，佐治斉},
	journal  = {静岡大学情報学部情報科学科佐治研究室},
	title    = {{空撮画像を用いた土砂検出}},
	year     = {2019},
}

@article{art03,
	author   = {雨宮輝明，佐治斉},
	journal  = {静岡大学大学院総合科学技術研究科情報学専攻},
	title    = {{ヘリコプター映像と数値標高モデルを用いた浸水時における道路領域解析}},
	year     = {2019},
}


@Misc{art04,
	author = {総務省消防庁},
	title  = {{特集１　平成29年7月九州北部豪雨の被害と対応}},
	howpublished = {\url{https://www.fdma.go.jp/publication/hakusho/h29/items/special1.pdf}},
}


@Misc{art05,
	author = {Stephen M. Pizer, E. Philip Amburn, John D. Austin, Robert Cromartie, Ari Geselowitz,Trey Greer, Bart ter Haar Romeny, John B. Zimmerman, and Karel Zuiderveld},
	journal  = {Computer Vision, Graphics, and Image Processing, Vol. 39, No. 3, pp. 355 – 368},
	title  = {{Adaptive histogram equalization and its variations}},
	year     = {1987},
}



@Misc{web01,
	author = {国土交通省気象庁},
	title  = {{大雨や猛暑日など（極端現象）のこれまでの変化}},
	howpublished = {\url{https://www.data.jma.go.jp/cpdinfo/extreme/extreme_p.html}},
}




@Misc{web02,
	author = {国土交通省国土地理院},
	title  = {{平成29年７月九州北部豪雨に関する情報}},
	howpublished = {\url{https://www.gsi.go.jp/BOUSAI/H29hukuoka_ooita-heavyrain.html}},
}

